@String(PAMI  = {IEEE TPAMI})
@String(IJCV  = {IJCV})
@String(CVPR  = {CVPR})
@String(ICCV  = {ICCV})
@String(ECCV  = {ECCV})
@String(NIPS  = {NeurIPS})
@String(ICPR  = {ICPR})
@String(BMVC  =	{BMVC})
@String(TOG   = {ACM TOG})
@String(TIP   = {IEEE TIP})
@String(TVCG  = {IEEE TVCG})
@String(TCSVT = {IEEE TCSVT})
@String(TMM   =	{IEEE TMM})
@String(ACMMM = {ACM MM})
@String(ICME  =	{ICME})
@String(ICASSP=	{ICASSP})
@String(ICIP  = {ICIP})
@String(ACCV  = {ACCV})
@String(ICLR  = {ICLR})
@String(IJCAI = {IJCAI})
@String(PR = {PR})
@String(AAAI = {AAAI})
@String(CVPRW= {CVPRW})
@String(CSVT = {IEEE TCSVT})



@String(PAMI = {IEEE Trans. Pattern Anal. Mach. Intell.})
@String(IJCV = {Int. J. Comput. Vis.})
@String(CVPR= {IEEE Conf. Comput. Vis. Pattern Recog.})
@String(ICCV= {Int. Conf. Comput. Vis.})
@String(ECCV= {Eur. Conf. Comput. Vis.})
@String(NIPS= {Adv. Neural Inform. Process. Syst.})
@String(ICPR = {Int. Conf. Pattern Recog.})
@String(BMVC= {Brit. Mach. Vis. Conf.})
@String(TOG= {ACM Trans. Graph.})
@String(TIP  = {IEEE Trans. Image Process.})
@String(TVCG  = {IEEE Trans. Vis. Comput. Graph.})
@String(TMM  = {IEEE Trans. Multimedia})
@String(ACMMM= {ACM Int. Conf. Multimedia})
@String(ICME = {Int. Conf. Multimedia and Expo})
@String(ICASSP=	{ICASSP})
@String(ICIP = {IEEE Int. Conf. Image Process.})
@String(ACCV  = {ACCV})
@String(ICLR = {Int. Conf. Learn. Represent.})
@String(IJCAI = {IJCAI})
@String(PR   = {Pattern Recognition})
@String(AAAI = {AAAI})
@String(CVPRW= {IEEE Conf. Comput. Vis. Pattern Recog. Worksh.})
@String(CSVT = {IEEE Trans. Circuit Syst. Video Technol.})

@String(SPL	= {IEEE Sign. Process. Letters})
@String(VR   = {Vis. Res.})
@String(JOV	 = {J. Vis.})
@String(TVC  = {The Vis. Comput.})
@String(JCST  = {J. Comput. Sci. Tech.})
@String(CGF  = {Comput. Graph. Forum})
@String(CVM = {Computational Visual Media})


@article{Squeez,
  author    = {Weilin Xu and
               David Evans and
               Yanjun Qi},
  title     = {Feature Squeezing: Detecting Adversarial Examples in Deep Neural Networks},
  journal   = {CoRR},
  volume    = {abs/1704.01155},
  year      = {2017},
  url       = {http://arxiv.org/abs/1704.01155},
  eprinttype = {arXiv},
  eprint    = {1704.01155},
  timestamp = {Mon, 13 Aug 2018 16:46:50 +0200},
  biburl    = {https://dblp.org/rec/journals/corr/XuEQ17.bib},
  bibsource = {dblp computer science bibliography, https://dblp.org}
}

@article{Goodfellow_2015,
  title={Explaining and harnessing adversarial examples},
  author={Goodfellow, Ian J and Shlens, Jonathon and Szegedy, Christian},
  journal={arXiv preprint arXiv:1412.6572},
  year={2014}
}

@article{Xu_2017Squueze,
  title={Feature squeezing mitigates and detects carlini/wagner adversarial examples},
  author={Xu, Weilin and Evans, David and Qi, Yanjun},
  journal={arXiv preprint arXiv:1705.10686},
  year={2017}
}

@inproceedings{Carlini_2016,
  title={Towards evaluating the robustness of neural networks},
  author={Carlini, Nicholas and Wagner, David},
  booktitle={2017 ieee symposium on security and privacy (sp)},
  pages={39--57},
  year={2017},
  organization={IEEE}
}

@article{Merkle,
  title={A certified digital signature},
  author={Merkle and R.C.},
  booktitle={CRYPTO 1989},
  pages={218–-238},
  year={1989},
  organization={Springer},
}

@article{Fourty-two,
  title={Transparent polynomial delegation and its applications to zero knowledge proof},
  author={Zhang, J., Xie, T., Zhang, Y., Song, D.},
  booktitle={SP 2020},
  pages={859–-876},
  year={2020},
  organization={IEEE},
}

@article{Eight,
  title={Ligero++: A new optimized sublinear IOP},
  author={Bhadauria, R., Fang, Z., Hazay, C., Venkitasubramaniam, M., Xie, T., Zhang, Y.},
  booktitle={CCS 2020},
  pages={2025–-2038},
  year={2020},
  organization={ACM},
}

@article{seven,
  title={Interactive oracle proofs},
  author={Ben-Sasson, E., Chiesa, A., Spooner, N.},
  booktitle={TCC 2016-B},
  pages={31–-60},
  year={2016},
}

@article{Thirty-nine,
  title={Constant-round interactive proofs for delegating computation},
  author={Reingold, O., Rothblum, G.N., Rothblum, R.D.},
  booktitle={STOC 2016},
  pages={49-–62},
  year={2016},
  organization={ACM},
}

@article{six,
  title={Aurora: Transparent succinct arguments for R1CS},
  author={Ben-Sasson, E., Chiesa, A., Riabzev, M., Spooner, N., Virza, M., Ward, N.P.},
  booktitle={EUROCRYPT 2019},
  pages={103–-128},
  year={2019},
  organization={Springer},
}

@article{three,
  title={Fast reed-solomon interactive oracle proofs of proximity},
  author={Ben-Sasson, E., Bentov, I., Horesh, Y., Riabzev, M.},
  booktitle={ICALP 2018},
  pages={14:1–-14:17},
  year={2018},
}

@article{twelve,
  title={Efficient protocols for set membership and range proofs},
  author={Camenisch, J., Chaabouni, R., Shelat, A.},
  booktitle={ASIACRYPT 2008},
  pages={234–-252},
  year={2008},
  organization={Springer}
}